@article{wei2012accurate,
  title={Accurate realtime full-body motion capture using a single depth camera},
  author={Wei, Xiaolin and Zhang, Peizhao and Chai, Jinxiang},
  journal={ACM Transactions on Graphics (TOG)},
  volume={31},
  number={6},
  pages={188},
  year={2012},
  publisher={ACM}
}

@book{hosmer2013applied,
  title={Applied logistic regression},
  author={Hosmer Jr, David W and Lemeshow, Stanley and Sturdivant, Rodney X},
  volume={398},
  year={2013},
  publisher={John Wiley \& Sons}
}

@techreport{tagliasacchi2015robust,
  title={Robust Articulated-ICP for Real-Time Hand Tracking},
  author={Tagliasacchi, Andrea and Schroeder, Matthias and Tkach, Anastasia and Bouaziz, Sofien and Botsch, Mario and Pauly, Mark},
  year={2015}
}

@conference{oiko_bmvc11,
	Author = {Oikonomidis, Iason and Kyriazis, Nikolaos and Argyros, Antonis A},
	Booktitle = {British Machine Vision Conference},
	Title = {Efficient model-based {3D} tracking of hand articulation using kinect},
    organization = {BMVA},
	Year = {2011}
}

@conference{schroeder_icra14,
	Author = {Schr{\"o}der, Matthias and Maycock, Jonathan and Ritter, Helge and Botsch, Mario},
	Title = {Real-Time Hand Tracking using Synergistic Inverse Kinematics},
	Booktitle = ICRA,
    organization={IEEE},
	Year = {2014}
}

@article{melax_13,
	Author = {Melax, Stan and Keselman, Leonid and Orsten, Sterling},
	Journal = {Proceedings of the ACM SIGGRAPH Symposium on Interactive 3D Graphics and Games},
	Title = {Dynamics Based {3D} Skeletal Hand Tracking},
	Year = {2013}
}

@techreport{tkach2015robust,
  title={Robust Articulated-ICP for Real-Time Hand Tracking},
  author={Tkach, Anastasia},
  year={2015}
}

@conference{schroeder_icra14,
	Author = {Schr{\"o}der, Matthias and Maycock, Jonathan and Ritter, Helge and Botsch, Mario},
	Title = {Real-Time Hand Tracking using Synergistic Inverse Kinematics},
	Booktitle = ICRA,
    organization={IEEE},
	Year = {2014}
}
