@inproceedings{bloomenthal1991convolution,
  title={Convolution surfaces},
  author={Bloomenthal, Jules and Shoemake, Ken},
  booktitle={ACM SIGGRAPH Computer Graphics},
  volume={25},
  number={4},
  pages={251--256},
  year={1991},
  organization={ACM}
}

@inproceedings{albrecht2003construction,
  title={Construction and animation of anatomically based human hand models},
  author={Albrecht, Irene and Haber, J{\"o}rg and Seidel, Hans-Peter},
  booktitle={Proceedings of the 2003 ACM SIGGRAPH/Eurographics symposium on Computer animation},
  pages={98--109},
  year={2003},
  organization={Eurographics Association}
}

@inproceedings{rhee2006human,
  title={Human hand modeling from surface anatomy},
  author={Rhee, Taehyun and Neumann, Ulrich and Lewis, John P},
  booktitle={Proceedings of the 2006 symposium on Interactive 3D graphics and games},
  pages={27--34},
  year={2006},
  organization={ACM}
}

@incollection{keskin2012hand,
  title={Hand pose estimation and hand shape classification using multi-layered randomized decision forests},
  author={Keskin, Cem and K{\i}ra{\c{c}}, Furkan and Kara, Yunus Emre and Akarun, Lale},
  booktitle={Computer Vision--ECCV 2012},
  pages={852--863},
  year={2012},
  publisher={Springer}
}

@incollection{straka2012simultaneous,
  title={Simultaneous shape and pose adaption of articulated models using linear optimization},
  author={Straka, Matthias and Hauswiesner, Stefan and R{\"u}ther, Matthias and Bischof, Horst},
  booktitle={Computer Vision--ECCV 2012},
  pages={724--737},
  year={2012},
  publisher={Springer}
}

@inproceedings{schroder2013analysis,
  title={Analysis of hand synergies for inverse kinematics hand tracking},
  author={Schr{\"o}der, Matthias and Maycock, Jonathan and Ritter, Helge and Botsch, Mario},
  booktitle={IEEE International Conference on Robotics and Automation (ICRA)},
  year={2013}
}

@inproceedings{melax2013dynamics,
  title={Dynamics based 3D skeletal hand tracking},
  author={Melax, Stan and Keselman, Leonid and Orsten, Sterling},
  booktitle={Proceedings of Graphics Interface 2013},
  pages={63--70},
  year={2013},
  organization={Canadian Information Processing Society}
}

@inproceedings{tang2013real,
  title={Real-time articulated hand pose estimation using semi-supervised transductive regression forests},
  author={Tang, Danhang and Yu, Tsz-Ho and Kim, Tae-Kyun},
  booktitle={Computer Vision (ICCV), 2013 IEEE International Conference on},
  pages={3224--3231},
  year={2013},
  organization={IEEE}
}

@article{vaillant2013implicit,
  title={Implicit skinning: Real-time skin deformation with contact modeling},
  author={Vaillant, Rodolphe and Barthe, Lo{\"\i}c and Guennebaud, Ga{\"e}l and Cani, Marie-Paule and Rohmer, Damien and Wyvill, Brian and Gourmel, Olivier and Paulin, Mathias},
  journal={ACM Transactions on Graphics (TOG)},
  volume={32},
  number={4},
  pages={125},
  year={2013},
  publisher={ACM}
}

@inproceedings{oikonomidis2014evolutionary,
  title={Evolutionary quasi-random search for hand articulations tracking},
  author={Oikonomidis, Iason and Lourakis, Manolis and Argyros, Antonis and others},
  booktitle={Computer Vision and Pattern Recognition (CVPR), 2014 IEEE Conference on},
  pages={3422--3429},
  year={2014},
  organization={IEEE}
}

@inproceedings{schroder2014real,
  title={Real-time hand tracking using synergistic inverse kinematics},
  author={Schroder, Michael and Maycock, Jonathan and Ritter, Helge and Botsch, Mario},
  booktitle={Robotics and Automation (ICRA), 2014 IEEE International Conference on},
  pages={5447--5454},
  year={2014},
  organization={IEEE}
}

@inproceedings{taylor2014user,
  title={User-specific hand modeling from monocular depth sequences},
  author={Taylor, James and Stebbing, Richard and Ramakrishna, Varun and Keskin, Cem and Shotton, Jamie and Izadi, Shahram and Hertzmann, Aaron and Fitzgibbon, Andrew},
  booktitle={Computer Vision and Pattern Recognition (CVPR), 2014 IEEE Conference on},
  pages={644--651},
  year={2014},
  organization={IEEE}
}

@article{tompson2014real,
  title={Real-time continuous pose recovery of human hands using convolutional networks},
  author={Tompson, Jonathan and Stein, Murphy and Lecun, Yann and Perlin, Ken},
  journal={ACM Transactions on Graphics (TOG)},
  volume={33},
  number={5},
  pages={169},
  year={2014},
  publisher={ACM}
}

@inproceedings{qian2014realtime,
  title={Realtime and robust hand tracking from depth},
  author={Qian, Chen and Sun, Xiao and Wei, Yichen and Tang, Xiaoou and Sun, Jian},
  booktitle={Computer Vision and Pattern Recognition (CVPR), 2014 IEEE Conference on},
  pages={1106--1113},
  year={2014},
  organization={IEEE}
}

@article{vaillant2014robust,
  title={Robust iso-surface tracking for interactive character skinning},
  author={Vaillant, Rodolphe and Guennebaud, G{\"a}el and Barthe, Lo{\"\i}c and Wyvill, Brian and Cani, Marie-Paule},
  journal={ACM Transactions on Graphics (TOG)},
  volume={33},
  number={6},
  pages={189},
  year={2014},
  publisher={ACM}v
}

@article{khamis12learning,
  title={Learning an Efficient Model of Hand Shape Variation from Depth Images},
  author={Khamis12, Sameh and Taylor, Jonathan and Shotton, Jamie and Keskin, Cem and Izadi, Shahram and Fitzgibbon, Andrew}
}

@techreport{tagliasacchi2015robust,
  title={Robust Articulated-ICP for Real-Time Hand Tracking},
  author={Tagliasacchi, Andrea and Schroeder, Matthias and Tkach, Anastasia and Bouaziz, Sofien and Botsch, Mario and Pauly, Mark},
  year={2015}
}

@inproceedings{sridhar2015fast,
  title={Fast and Robust Hand Tracking Using Detection-Guided Optimization},
  author={Sridhar, Srinath and Mueller, Franziska and Oulasvirta, Antti and Theobalt, Christian},
  booktitle={Proceedings of the IEEE Conference on Computer Vision and Pattern Recognition},
  pages={3213--3221},
  year={2015}
}

@inproceedings{sun2015cascaded,
  title={Cascaded Hand Pose Regression},
  author={Sun, Xiao and Wei, Yichen and Liang, Shuang and Tang, Xiaoou and Sun, Jian},
  booktitle={Proceedings of the IEEE Conference on Computer Vision and Pattern Recognition},
  pages={824--832},
  year={2015}
}

@inproceedings{sharp2015accurate,
  title={Accurate, Robust, and Flexible Real-time Hand Tracking},
  author={Sharp, Toby and Keskin, Cem and Robertson, Duncan and Taylor, Jonathan and Shotton, Jamie and Leichter, David Kim Christoph Rhemann Ido and Wei, Alon Vinnikov Yichen and Krupka, Daniel Freedman Pushmeet Kohli Eyal and Fitzgibbon, Andrew and Izadi, Shahram},
  booktitle={Proc. CHI},
  volume={8},
  year={2015}
}
